@book{williams2012c++,
      author        = "Williams, Anthony",
      title         = "{C++ concurrency in action: practical multithreading}",
      publisher     = "Manning Publ.",
      address       = "Shelter Island, NY",
      year          = "2012",
      url           = "https://cds.cern.ch/record/1483005",
},
@misc{atomicc++,
    title = {{std::atomic documentation}},
    howpublished = {\url{https://en.cppreference.com/w/cpp/atomic/atomic}},
    note = {[Accessed: 20/10/2018]}
},
@misc{omp,
    title = {{OpenMP}},
    howpublished = {\url{https://www.openmp.org/about/openmp-faq/#WhatIs}},
    note = {[Accessed: 21/10/2018]}
},
@misc{futurec++,
    title = {{std::async documentation}},
    howpublished = {\url{https://en.cppreference.com/w/cpp/thread/async}},
    note = {[Accessed: 21/10/2018]}
},
@misc{SOconcat,
author = {},
title = {{c++ - Most optimized way of concatenation in strings}},
howpublished = {\url{https://stackoverflow.com/questions/18892281/most-optimized-way-of-concatenation-in-strings/18892355#18892355}},
month = {},
year = {},
note = {[Accessed on 17/10/2018]}
},
@misc{GHprogram,
    title = {{Modified program to compare speed of concatenation}},
    howpublished = {\url{https://gist.github.com/Ligh7bringer/c829b43eef89730e8a1dafe10dfb38af}},
    note = {[Accessed: 17/10/2018]}
},
@misc{buffOverflow,
    title = {{Buffer Overruns and Overflows}},
    howpublished = {\url{https://www.owasp.org/index.php/Buffer_Overruns_and_Overflows}},
    note = {[Accessed: 25/10/2018]}
},
@misc{SOconversion,
    title = {{StackOverflow} comment by {Mat}},
    howpublished = {\url{https://codereview.stackexchange.com/a/78539}},
    note = {[Accessed: 25/10/2018]}
},
@misc{generate,
author = {{Someone smart}},
title = {{std::generate\_n}},
howpublished = {\url{https://en.cppreference.com/w/cpp/algorithm/generate_n}},
month = {},
year = {},
note = {(Accessed on 10/27/2018)}
},
@misc{randString,
author = {},
title = {How do {I} create a random alpha-numeric string in {C++}? - {Stack Overflow}},
howpublished = {\url {https://stackoverflow.com/questions/440133/how-do-i-create-a-random-alpha-numeric-string-in-c/12468109#12468109}},
month = {},
year = {},
note = {(Accessed on 10/27/2018)}
}

